@inproceedings{halfond2006classification,
  title={A classification of SQL-injection attacks and countermeasures},
  author={Halfond, William G and Viegas, Jeremy and Orso, Alessandro and others},
  booktitle={Proceedings of the IEEE International Symposium on Secure Software Engineering},
  volume={1},
  pages={13--15},
  year={2006},
  organization={IEEE}
}

@inproceedings{boyd2004sqlrand,
  title={SQLrand: Preventing SQL injection attacks},
  author={Boyd, Stephen W and Keromytis, Angelos D},
  booktitle={International Conference on Applied Cryptography and Network Security},
  pages={292--302},
  year={2004},
  organization={Springer}
}
